@article{cheng2020,
   author = {Tao Cheng and Xusheng Ji and Gaoxiang Yang and Hengbiao Zheng and Jifeng Ma and Xia Yao and Yan Zhu and Weixing Cao},
   doi = {10.1016/j.compag.2020.105787},
   issn = {01681699},
   journal = {Computers and Electronics in Agriculture},
   keywords = {Crop phenology,Field boundary delineation,Imagery segmentation,Planet,WorldView},
   month = {11},
   publisher = {Elsevier B.V.},
   title = {DESTIN: A new method for delineating the boundaries of crop fields by fusing spatial and temporal information from WorldView and Planet satellite imagery},
   volume = {178},
   year = {2020},
}
@inproceedings{he2020,
   author = {Kaiming He and Haoqi Fan and Yuxin Wu and Saining Xie and Ross Girshick},
   doi = {10.1109/CVPR42600.2020.00975},
   issn = {10636919},
   journal = {Proceedings of the IEEE Computer Society Conference on Computer Vision and Pattern Recognition},
   booktitle= {Proceedings of the IEEE Computer Society Conference on Computer Vision and Pattern Recognition},
   title = {Momentum Contrast for Unsupervised Visual Representation Learning},
   year = {2020},
}
@inproceedings{chen2020,
   author = {Ting Chen and Simon Kornblith and Mohammad Norouzi and Geoffrey Hinton},
   journal = {37th International Conference on Machine Learning, ICML 2020},
   booktitle = {37th International Conference on Machine Learning, ICML 2020},
   title = {A simple framework for contrastive learning of visual representations},
   volume = {PartF168147-3},
   year = {2020},
}
@article{garcia2018,
    author = {Garcia-Pedrero, Angel and Gonzalo-Martin, Consuelo and Lillo, Mario and Rodríguez-Esparragón, Dionisio},
    year = {2018},
    month = {12},
    pages = {1991},
    title = {The Outlining of Agricultural Plots Based on Spatiotemporal Consensus Segmentation},
    volume = {10},
    journal = {Remote Sensing},
    doi = {10.3390/rs10121991}
}
@article{guldenring2021,
    author = {Güldenring, Ronja and Nalpantidis, Lazaros},
    year = {2021},
    month = {12},
    pages = {106510},
    title = {Self-supervised contrastive learning on agricultural images},
    volume = {191},
    journal = {Computers and Electronics in Agriculture},
    doi = {10.1016/j.compag.2021.106510}
}
@article{zhang2019,
    author = {Zhang, Ce and Sargent, Isabel and Pan, Xin and Li, Huapeng and Gardiner, Andrew and Hare, Jonathon and Atkinson, Peter},
    year = {2019},
    month = {02},
    pages = {173-187},
    title = {Joint Deep Learning for land cover and land use classification},
    volume = {221},
    journal = {Remote Sensing of Environment},
    doi = {10.1016/j.rse.2018.11.014}
}
@inproceedings{Xia2018,
   author = {Liegang Xia and Jiancheng Luo and Yingwei Sun and Haiping Yang},
   doi = {10.1109/Agro-Geoinformatics.2018.8476002},
   journal = {2018 7th International Conference on Agro-geoinformatics (Agro-geoinformatics)},
   pages = {1-5},
   title = {Deep Extraction of Cropland Parcels from Very High-Resolution Remotely Sensed Imagery},
   year = {2018},
}
@article{mueller2004,
    author = {Mueller, Marina and Segl, Karl and Kaufmann, Hermann},
    year = {2004},
    month = {08},
    pages = {1619-1628},
    title = {Edge- and region-based segmentation technique for the extraction of large, man-made objects in high-resolution satellite imagery},
    volume = {37},
    journal = {Pattern Recognition},
    doi = {10.1016/j.patcog.2004.03.001}
}
@article{taravat2021,
    author = {Taravat, Alireza and Wagner, Matthias and Bonifacio, Rogerio and Petit, David},
    year = {2021},
    month = {02},
    pages = {722},
    title = {Advanced Fully Convolutional Networks for Agricultural Field Boundary Detection},
    volume = {13},
    journal = {Remote Sensing},
    doi = {10.3390/rs13040722}
}
@article{watkins2019.2,
    author = {Watkins, Barry and Van Niekerk, Adriaan},
    year = {2019},
    month = {11},
    pages = {105078},
    title = {Automating field boundary delineation with multi-temporal Sentinel-2 imagery},
    volume = {167},
    journal = {Computers and Electronics in Agriculture},
    doi = {10.1016/j.compag.2019.105078}
}
@article{graesser2017,
    author = {Graesser, Jordan and Ramankutty, Navin},
    year = {2017},
    month = {11},
    pages = {165-180},
    title = {Detection of cropland field parcels from Landsat imagery},
    volume = {201},
    journal = {Remote Sensing of Environment},
    doi = {10.1016/j.rse.2017.08.027}
}
@article{yang2020,
    author = {Yang, Ruoyu and Ahmed, Zia and Schulthess, Urs and Kamal, Mustafa and Rai, Rahul},
    year = {2020},
    month = {09},
    pages = {100413},
    title = {Detecting functional field units from satellite images in smallholder farming systems using a deep learning based computer vision approach: A case study from Bangladesh},
    volume = {20},
    journal = {Remote Sensing Applications Society and Environment},
    doi = {10.1016/j.rsase.2020.100413}
}
@article{watkins2019.1,
    author = {Watkins, Barry and Van Niekerk, Adriaan},
    year = {2019},
    month = {03},
    pages = {294-302},
    title = {A comparison of object-based image analysis approaches for field boundary delineation using multi-temporal Sentinel-2 imagery},
    volume = {158},
    journal = {Computers and Electronics in Agriculture},
    doi = {10.1016/j.compag.2019.02.009}
}
@article{rydberg2001,
    author = {Rydberg, Anna and Borgefors, Gunilla},
    year = {2001},
    month = {12},
    pages = {2514 - 2520},
    title = {Integrated method for boundary delineation of agricultural fields in multispectral satellite images},
    volume = {39},
    journal = {Geoscience and Remote Sensing, IEEE Transactions on},
    doi = {10.1109/36.964989}
}
@article{evans2002,
    author = {Evans, Carolyn and Jones, Ronald and Svalbe, Imants and Berman, Mark},
    year = {2002},
    month = {06},
    pages = {1054 - 1064},
    title = {Segmenting multispectral Landsat TM images into field units},
    volume = {40},
    journal = {Geoscience and Remote Sensing, IEEE Transactions on},
    doi = {10.1109/TGRS.2002.1010893}
}
@article{carvalho2021,
    author = {de Carvalho, Osmar Luiz and Júnior, Osmar and Silva, Cristiano and Albuquerque, Anesmar and Santana, Nickolas and Borges, Dibio and Gomes, Roberto and Guimarães, Renato},
    year = {2022},
    month = {02},
    pages = {965},
    title = {Panoptic Segmentation Meets Remote Sensing},
    volume = {14},
    journal = {Remote Sensing},
    doi = {10.3390/rs14040965}
}
@article{diakogiannis2020,
    author = {Diakogiannis, Foivos and Waldner, Francois and Caccetta, Peter and Wu, Chen},
    year = {2020},
    month = {02},
    pages = {94-114},
    title = {ResUNet-a: A deep learning framework for semantic segmentation of remotely sensed data},
    volume = {16},
    journal = {ISPRS Journal of Photogrammetry and Remote Sensing},
    doi = {10.1016/j.isprsjprs.2020.01.013}
}
@book{nelson2010,
   author = {Gerald Nelson and Mark Rosegrant and Amanda Palazzo and Ian Gray and Christina Ingersoll and Richard Robertson and Simla Tokgoz and Tingju Zhu and Timothy Sulser and Claudia Ringler and Siwa Msangi and Liangzhi You},
   doi = {10.2499/9780896291867},
   journal = {Food Security, Farming, and Climate Change to 2050: Scenarios, Results, Policy Options},
   month = {2},
   publisher = {INTERNATIONAL FOOD POLICY RESEARCH INSTITUTE (IFPRI)},
   title = {Food Security, Farming, and Climate Change to 2050: Scenarios, Results, Policy Options},
   year = {2010},
}
@article{zhang2002,
    author = {Zhang, Naiqian and Wang, Maohua and Wang, Ning},
    year = {2002},
    month = {11},
    pages = {113-132},
    title = {Precision agriculture - A worldwide overview},
    volume = {36},
    journal = {Computers and Electronics in Agriculture},
    doi = {10.1016/S0168-1699(02)00096-0}
}
@inproceedings{schroff2015,
    author = {Schroff, Florian and Kalenichenko, Dmitry and Philbin, James},
    year = {2015},
    month = {06},
    pages = {815-823},
    title = {FaceNet: A unified embedding for face recognition and clustering},
    doi = {10.1109/CVPR.2015.7298682}
}
@inproceedings{kokkinos2016,
    author = {Kokkinos, I},
    year = {2016},
    month = {05},
    pages = {},
    title = {Pushing the Boundaries of Boundary Detection using Deep Learning},
    booktitle = {Pushing the Boundaries of Boundary Detection using Deep Learning}
}
@article{ma2019,
    author = {Ma, Lei and Liu, Yu and Zhang, Xueliang and Ye, Yuanxin and Yin, Gaofei and Johnson, Brian},
    year = {2019},
    month = {04},
    pages = {166-177},
    title = {Deep learning in remote sensing applications: A meta-analysis and review},
    volume = {152},
    journal = {ISPRS Journal of Photogrammetry and Remote Sensing},
    doi = {10.1016/j.isprsjprs.2019.04.015}
}
@article{waldner2021,
    author = {Waldner, Francois and Diakogiannis, Foivos and Batchelor, Kathryn and Ciccotosto-Camp, Michael and Cooper-Williams, Elizabeth and Herrmann, Chris and Mata, G. and Toovey, Andrew},
    year = {2021},
    month = {06},
    pages = {1-24},
    title = {Detect, Consolidate, Delineate: Scalable Mapping of Field Boundaries Using Satellite Images},
    volume = {13},
    journal = {Remote Sensing},
    doi = {10.3390/rs13112197}
}
@article{zhang2021,
    author = {Zhang, Huanxue and Liu, Mingxu and Wang, Yuji and Shang, Jiali and Liu, Xiangliang and Li, Bin and Song, Aiqi and Li, Qiangzi},
    year = {2021},
    month = {12},
    pages = {102557},
    title = {Automated delineation of agricultural field boundaries from Sentinel-2 images using recurrent residual U-Net},
    volume = {105},
    journal = {International Journal of Applied Earth Observation and Geoinformation},
    doi = {10.1016/j.jag.2021.102557}
}
@article{wang2022,
   author = {Sherrie Wang and Francois Waldner and David B. Lobell},
   month = {1},
   title = {Unlocking large-scale crop field delineation in smallholder farming systems with transfer learning and weak supervision},
   url = {http://arxiv.org/abs/2201.04771},
   year = {2022},
}
@article{wagner2020,
    author = {Wagner, Matthias and Oppelt, Natascha},
    year = {2020},
    month = {04},
    pages = {1205},
    title = {Extracting Agricultural Fields from Remote Sensing Imagery Using Graph-Based Growing Contours},
    volume = {12},
    journal = {Remote Sensing},
    doi = {10.3390/rs12071205}
}
@article{spekken2015,
    author = {Spekken, Mark and Molin, Jose and Romanelli, Thiago},
    year = {2015},
    month = {01},
    pages = {112},
    title = {Cost of boundary manoeuvres in sugarcane production},
    volume = {129},
    journal = {Biosystems Engineering},
    doi = {10.1016/j.biosystemseng.2014.09.007}
}
@article{alshehhi2017,
    author = {Alshehhi, Rasha and Marpu, Prashanth},
    year = {2017},
    month = {04},
    pages = {245-260},
    title = {Hierarchical graph-based segmentation for extracting road networks from high-resolution satellite images},
    volume = {126},
    journal = {ISPRS Journal of Photogrammetry and Remote Sensing},
    doi = {10.1016/j.isprsjprs.2017.02.008}
}
@article{bolfe2020,
    author = {Bolfe, Edson Luis and Jorge, Lucio Andre de Castro and Sanches, Ieda DelArco and Luchiari Junior, Ariovaldo and da Costa, Cinthia Cabral and Victoria, Daniel de Castro and Inamasu, Ricardo Yassushi and Grego, Celia Regina and Ferreira, Victor Rodrigues and Ramirez, Andrea Restrepo},
    year = {2020},
    month = {12},
    pages = {653},
    title = {Precision and Digital Agriculture: Adoption of Technologies and Perception of Brazilian Farmers},
    volume = {10},
    journal = {Agriculture},
    doi = {10.3390/agriculture10120653}
}
@article{kamilaris2018,
    author = {Kamilaris, Andreas and Prenafeta Boldú, Francesc},
    year = {2018},
    month = {06},
    pages = {1-11},
    title = {A review of the use of convolutional neural networks in agriculture},
    volume = {156},
    journal = {The Journal of Agricultural Science},
    doi = {10.1017/S0021859618000436}
}
@article{griffel2019,
    author = {Griffel, L. and Vazhnik, Veronika and Hartley, Damon and Hansen, Jason and Roni, Mohammad},
    year = {2019},
    month = {11},
    pages = {105088},
    title = {Agricultural field shape descriptors as predictors of field efficiency for perennial grass harvesting: An empirical proof},
    volume = {168},
    journal = {Computers and Electronics in Agriculture},
    doi = {10.1016/j.compag.2019.105088}
}
@article{bhakta2019,
   author = {Ishita Bhakta and Santanu Phadikar and Koushik Majumder},
   doi = {10.1002/jsfa.9693},
   issn = {10970010},
   issue = {11},
   journal = {Journal of the Science of Food and Agriculture},
   keywords = {information and communication technology,precision agriculture,sustainable agronomy,systematic review},
   month = {8},
   pages = {4878-4888},
   pmid = {30883757},
   publisher = {John Wiley and Sons Ltd},
   title = {State-of-the-art technologies in precision agriculture: a systematic review},
   volume = {99},
   year = {2019},
}
@article{mulla2013,
    author = {Mulla, David},
    year = {2013},
    month = {04},
    pages = {358-371},
    title = {Twenty Five Years of Remote Sensing in Precision Agriculture: Key Advances and Remaining Knowledge Gaps},
    volume = {114},
    journal = {Biosystems Engineering},
    doi = {10.1016/j.biosystemseng.2012.08.009}
}
@article{north2019,
    author = {North, Heather and Pairman, David and Belliss, S.E.},
    year = {2018},
    month = {12},
    pages = {1-15},
    title = {Boundary Delineation of Agricultural Fields in Multitemporal Satellite Imagery},
    volume = {PP},
    journal = {IEEE Journal of Selected Topics in Applied Earth Observations and Remote Sensing},
    doi = {10.1109/JSTARS.2018.2884513}
}
@article{crommelinck2019,
    author = {Crommelinck, Sophie and Koeva, Mila and Yang, Michael Ying and Vosselman, George},
    year = {2019},
    month = {10},
    pages = {2505},
    title = {Application of Deep Learning for Delineation of Visible Cadastral Boundaries from Remote Sensing Imagery},
    volume = {11},
    journal = {Remote Sensing},
    doi = {10.3390/rs11212505}
}
@article{garcia2019,
    author = {Garcia-Pedrero, Angel and Lillo, Mario and Rodríguez-Esparragón, Dionisio and Gonzalo-Martin, Consuelo},
    year = {2019},
    month = {10},
    pages = {1-1},
    title = {Deep Learning for Automatic Outlining Agricultural Parcels: Exploiting the Land Parcel Identification System},
    volume = {7},
    journal = {IEEE Access},
    doi = {10.1109/ACCESS.2019.2950371}
}
@article{persello2019,
    author = {Persello, Claudio and Tolpekin, Valentyn and Bergado, John Ray and de By, Rolf},
    year = {2019},
    month = {09},
    pages = {111253},
    title = {Delineation of agricultural fields in smallholder farms from satellite images using fully convolutional networks and combinatorial grouping},
    volume = {231},
    journal = {Remote Sensing of Environment},
    doi = {10.1016/j.rse.2019.111253}
}
@article{masoud2020,
    author = {Masoud, Khairiya and Persello, Claudio and Tolpekin, Valentyn},
    year = {2019},
    month = {12},
    pages = {59},
    title = {Delineation of Agricultural Field Boundaries from Sentinel-2 Images Using a Novel Super-Resolution Contour Detector Based on Fully Convolutional Networks},
    volume = {12},
    journal = {Remote Sensing},
    doi = {10.3390/rs12010059}
}
@inproceedings{william2019,
    author = {William, Ivan and Setiadi, De Rosal Ignatius Moses and Rachmawanto, Eko and Santoso, Heru and Sari, Atika},
    year = {2019},
    month = {10},
    pages = {1-6},
    title = {Face Recognition using FaceNet (Survey, Performance Test, and Comparison)},
    doi = {10.1109/ICIC47613.2019.8985786}
}
@article{waldner2020,
    author = {Waldner, Francois and Diakogiannis, Foivos},
    year = {2020},
    month = {05},
    pages = {111741},
    title = {Deep learning on edge: Extracting field boundaries from satellite images with a convolutional neural network},
    volume = {245},
    journal = {Remote Sensing of Environment},
    doi = {10.1016/j.rse.2020.111741}
}
@article{wagner2020.2,
    author = {Wagner, Matthias and Oppelt, Natascha},
    year = {2020},
    month = {06},
    pages = {1990},
    title = {Deep Learning and Adaptive Graph-Based Growing Contours for Agricultural Field Extraction},
    volume = {12},
    journal = {Remote Sensing},
    doi = {10.3390/rs12121990}
}
@article{garcia2017,
    author = {García-Pedrero, A. and Gonzalo-Martin, Consuelo and Lillo, Mario},
    year = {2017},
    month = {01},
    pages = {1-11},
    title = {A machine learning approach for agricultural parcel delineation through agglomerative segmentation},
    volume = {38},
    journal = {International Journal of Remote Sensing},
    doi = {10.1080/01431161.2016.1278312}
}
@article{seiffert2010,
    author = {Seiffert, Chris and Khoshgoftaar, Taghi and Van Hulse, Jason and Napolitano, Amri},
    year = {2010},
    month = {02},
    pages = {185 - 197},
    title = {RUSBoost: A Hybrid Approach to Alleviating Class Imbalance},
    volume = {40},
    journal = {Systems, Man and Cybernetics, Part A: Systems and Humans, IEEE Transactions on},
    doi = {10.1109/TSMCA.2009.2029559}
}
@article{wang2020,
    author = {Wang, Yaqing and Yao, Quanming and Kwok, James and Ni, Lionel},
    year = {2020},
    month = {06},
    pages = {1-34},
    title = {Generalizing from a Few Examples: A Survey on Few-shot Learning},
    volume = {53},
    journal = {ACM Computing Surveys},
    doi = {10.1145/3386252}
}
@article{fei2006,
    author = {Fei-Fei, Li and Fergus, Rob and Perona, Pietro},
    year = {2006},
    month = {05},
    pages = {594-611},
    title = {One-Shot Learning of Object Categories},
    volume = {28},
    journal = {IEEE transactions on pattern analysis and machine intelligence},
    doi = {10.1109/TPAMI.2006.79}
}
@article{sokolova2009,
title = {A systematic analysis of performance measures for classification tasks},
journal = {Information Processing and Management},
volume = {45},
number = {4},
pages = {427-437},
year = {2009},
issn = {0306-4573},
doi = {https://doi.org/10.1016/j.ipm.2009.03.002},
url = {https://www.sciencedirect.com/science/article/pii/S0306457309000259},
author = {Marina Sokolova and Guy Lapalme},
keywords = {Performance evaluation, Machine Learning, Text classification},
}
@inproceedings{rieder2019,
author = {Rieder, Mathias and Verbeet, Richard},
year = {2019},
month = {09},
pages = {},
title = {Robot-Human-Learning for Robotic Picking Processes},
booktitle = {Robot-Human-Learning for Robotic Picking Processes},
doi = {10.15480/882.2466}
}
@article{felzenszwalb2004,
   author = {Pedro F. Felzenszwalb and Daniel P. Huttenlocher},
   doi = {10.1023/B:VISI.0000022288.19776.77},
   issn = {09205691},
   issue = {2},
   journal = {International Journal of Computer Vision},
   title = {Efficient graph-based image segmentation},
   volume = {59},
   year = {2004},
}
