@article{rydberg2001,
   author = {Anna Rydberg and Gunilla Borgefors},
   doi = {10.1109/36.964989},
   issn = {01962892},
   issue = {11},
   journal = {IEEE Transactions on Geoscience and Remote Sensing},
   keywords = {Edge detection,Field boundaries,Merging,Segmentation},
   pages = {2514-2520},
   title = {Integrated method for boundary delineation of agricultural fields in multispectral satellite images},
   volume = {39},
   year = {2001},
}
@article{zhang2002,
   author = {Naiqian Zhang and Maohua Wang and Ning Wang},
   doi = {10.1016/S0168-1699(02)00096-0},
   issn = {01681699},
   issue = {2-3},
   journal = {Computers and Electronics in Agriculture},
   keywords = {GIS,GPS,Precision agriculture,Remote sensing,Sensor,Site-specific crop management},
   month = {11},
   pages = {113-132},
   publisher = {Elsevier},
   title = {Precision agriculture - A worldwide overview},
   volume = {36},
   year = {2002},
}
@article{evans2002,
   author = {Carolyn Evans and Ronald Jones and Imants Svalbe and Mark Berman},
   doi = {10.1109/TGRS.2002.1010893},
   issn = {01962892},
   issue = {5},
   journal = {IEEE Transactions on Geoscience and Remote Sensing},
   keywords = {Image segmentation,Multi-variate statistics,Multispectral images},
   pages = {1054-1064},
   title = {Segmenting multispectral landsat TM images into field units},
   volume = {40},
   year = {2002},
}
@article{mueller2004,
   author = {Marina Mueller and Karl Segl and Hermann Kaufmann},
   doi = {10.1016/j.patcog.2004.03.001},
   issn = {00313203},
   issue = {8},
   journal = {Pattern Recognition},
   keywords = {Edge preserving smoothing,Image segmentation,Object recognition,Region growing,Straight edge extraction},
   month = {8},
   pages = {1619-1628},
   title = {Edge- and region-based segmentation technique for the extraction of large, man-made objects in high-resolution satellite imagery},
   volume = {37},
   year = {2004},
}
@article{fei2006,
   author = {Li Fei-Fei and Rob Fergus and Pietro Perona},
   doi = {10.1109/TPAMI.2006.79},
   issn = {01628828},
   issue = {4},
   journal = {IEEE Transactions on Pattern Analysis and Machine Intelligence},
   month = {5},
   pages = {594-611},
   title = {One-shot learning of object categories},
   volume = {28},
   year = {2006},
}
@inproceedings{dollar2006,
   author = {Piotr Dollár and Zhuowen Tu and Serge Belongie},
   journal = {Supervised Learning of Edges and Object Boundaries},
   pages = {1964 -1971},
   title = {Supervised Learning of Edges and Object Boundaries},
   year = {2006},
}
@article{sokolova2009,
   author = {Marina Sokolova and Guy Lapalme},
   doi = {10.1016/J.IPM.2009.03.002},
   issn = {0306-4573},
   issue = {4},
   journal = {Information Processing & Management},
   keywords = {Machine Learning,Performance evaluation,Text classification},
   month = {7},
   pages = {427-437},
   publisher = {Pergamon},
   title = {A systematic analysis of performance measures for classification tasks},
   volume = {45},
   year = {2009},
}
@article{nelson2010,
   author = {Gerald Nelson and Mark Rosegrant and Amanda Palazzo and Ian Gray and Christina Ingersoll and Richard Robertson and Simla Tokgoz and Tingju Zhu and Timothy Sulser and Claudia Ringler and Siwa Msangi and Liangzhi You},
   doi = {10.2499/9780896291867},
   journal = {Food Security, Farming, and Climate Change to 2050: Scenarios, Results, Policy Options},
   month = {2},
   publisher = {INTERNATIONAL FOOD POLICY RESEARCH INSTITUTE (IFPRI)},
   title = {Food Security, Farming, and Climate Change to 2050: Scenarios, Results, Policy Options},
   year = {2010},
}
@article{seiffert2010,
   author = {Chris Seiffert and Taghi M. Khoshgoftaar and Jason Van Hulse and Amri Napolitano},
   doi = {10.1109/TSMCA.2009.2029559},
   issn = {10834427},
   issue = {1},
   journal = {IEEE Transactions on Systems, Man, and Cybernetics Part A:Systems and Humans},
   pages = {185-197},
   title = {RUSBoost: A hybrid approach to alleviating class imbalance},
   volume = {40},
   year = {2010},
}
@article{mulla2013,
   author = {David J. Mulla},
   doi = {10.1016/j.biosystemseng.2012.08.009},
   issn = {15375110},
   issue = {4},
   journal = {Biosystems Engineering},
   pages = {358-371},
   publisher = {Academic Press},
   title = {Twenty five years of remote sensing in precision agriculture: Key advances and remaining knowledge gaps},
   volume = {114},
   year = {2013},
}
@article{nunez2013,
   author = {Juan Nunez-Iglesias and Ryan Kennedy and Toufiq Parag and Jianbo Shi and Dmitri B. Chklovskii},
   doi = {10.1371/journal.pone.0071715},
   issn = {19326203},
   issue = {8},
   journal = {PLoS ONE},
   month = {8},
   pages = {e71715},
   pmid = {23977123},
   title = {Machine Learning of Hierarchical Clustering to Segment 2D and 3D Images},
   volume = {8},
   year = {2013},
}
@article{spekken2015,
   author = {Mark Spekken and José P. Molin and Thiago L. Romanelli},
   doi = {10.1016/j.biosystemseng.2014.09.007},
   issn = {15375110},
   journal = {Biosystems Engineering},
   keywords = {Agricultural machinery,Energy,Mechanisation,Path planning,Saccharum spp.},
   month = {1},
   pages = {112-126},
   publisher = {Academic Press},
   title = {Cost of boundary manoeuvres in sugarcane production},
   volume = {129},
   year = {2015},
}
@inproceedings{schroff2015,
   author = {Florian Schroff and Dmitry Kalenichenko and James Philbin},
   doi = {10.1109/CVPR.2015.7298682},
   isbn = {9781467369640},
   issn = {10636919},
   journal = {Proceedings of the IEEE Computer Society Conference on Computer Vision and Pattern Recognition},
   pages = {815-823},
   title = {FaceNet: A unified embedding for face recognition and clustering},
   volume = {07-12-June},
   year = {2015},
}
@inproceedings{kokkinos2016,
   author = {Iasonas Kokkinos},
   journal = {4th International Conference on Learning Representations, ICLR 2016 - Conference Track Proceedings},
   title = {Pushing the boundaries of boundary detection using deep learning},
   year = {2016},
}
@article{garcia2017,
   author = {A. García-Pedrero and C. Gonzalo-Martín and M. Lillo-Saavedra},
   doi = {10.1080/01431161.2016.1278312},
   issn = {13665901},
   issue = {7},
   journal = {International Journal of Remote Sensing},
   month = {4},
   pages = {1809-1819},
   publisher = {Taylor and Francis Ltd.},
   title = {A machine learning approach for agricultural parcel delineation through agglomerative segmentation},
   volume = {38},
   year = {2017},
}
@article{alshehhi2017,
   author = {Rasha Alshehhi and Prashanth Reddy Marpu},
   doi = {10.1016/j.isprsjprs.2017.02.008},
   issn = {09242716},
   journal = {ISPRS Journal of Photogrammetry and Remote Sensing},
   keywords = {Gabor,Graph-based segmentation,Hierarchical merging and splitting,Morphological filtering,Road networks},
   month = {4},
   pages = {245-260},
   publisher = {Elsevier B.V.},
   title = {Hierarchical graph-based segmentation for extracting road networks from high-resolution satellite images},
   volume = {126},
   year = {2017},
}
@article{graesser2017,
   author = {Jordan Graesser and Navin Ramankutty},
   doi = {10.1016/j.rse.2017.08.027},
   issn = {00344257},
   journal = {Remote Sensing of Environment},
   keywords = {Cropland,Field,Landsat,South America},
   month = {11},
   pages = {165-180},
   publisher = {Elsevier Inc.},
   title = {Detection of cropland field parcels from Landsat imagery},
   volume = {201},
   year = {2017},
}
@article{kamilaris2018,
   author = {A. Kamilaris and F. X. Prenafeta-Boldú},
   doi = {10.1017/S0021859618000436},
   issn = {14695146},
   issue = {3},
   journal = {Journal of Agricultural Science},
   keywords = {Agriculture,convolutional neural networks,deep learning,smart farming,survey},
   month = {4},
   pages = {312-322},
   publisher = {Cambridge University Press},
   title = {A review of the use of convolutional neural networks in agriculture},
   volume = {156},
   year = {2018},
}
@inproceedings{Xia2018,
   author = {Liegang Xia and Jiancheng Luo and Yingwei Sun and Haiping Yang},
   doi = {10.1109/Agro-Geoinformatics.2018.8476002},
   journal = {2018 7th International Conference on Agro-geoinformatics (Agro-geoinformatics)},
   pages = {1-5},
   title = {Deep Extraction of Cropland Parcels from Very High-Resolution Remotely Sensed Imagery},
   year = {2018},
}
@article{garcia2018,
   author = {Angel Garcia-Pedrero and Consuelo Gonzalo-Martín and Mario Lillo-Saavedra and Dionisio Rodríguez-Esparragón},
   doi = {10.3390/rs10121991},
   issn = {20724292},
   issue = {12},
   journal = {Remote Sensing},
   keywords = {Agriculture parcel segmentation,Consensus,Superpixels},
   month = {12},
   pages = {1991},
   publisher = {MDPI AG},
   title = {The outlining of agricultural plots based on spatiotemporal consensus segmentation},
   volume = {10},
   year = {2018},
}
@article{georganos2018,
   author = {Stefanos Georganos and Tais Grippa and Sabine Vanhuysse and Moritz Lennert and Michal Shimoni and Stamatis Kalogirou and Eleonore Wolff},
   doi = {10.1080/15481603.2017.1408892},
   issn = {15481603},
   issue = {2},
   journal = {GIScience and Remote Sensing},
   keywords = {OBIA,extreme gradient boosting,feature selection,land cover classification,machine learning},
   month = {3},
   pages = {221-242},
   publisher = {Taylor and Francis Inc.},
   title = {Less is more: optimizing classification performance through feature selection in a very-high-resolution remote sensing object-based urban application},
   volume = {55},
   year = {2018},
}
@inproceedings{william2019,
   author = {Ivan William and De Rosal Ignatius Moses Setiadi and Eko Hari Rachmawanto and Heru Agus Santoso and Christy Atika Sari},
   doi = {10.1109/ICIC47613.2019.8985786},
   isbn = {9781728122076},
   journal = {Proceedings of 2019 4th International Conference on Informatics and Computing, ICIC 2019},
   keywords = {Deep Convolutional Network,Deep Learning,Face Detection,Face Recognition,FaceNet,TensorFlow},
   pages = {1-6},
   title = {Face Recognition using FaceNet (Survey, Performance Test, and Comparison)},
   year = {2019},
}
@article{persello2019,
   author = {C. Persello and V. A. Tolpekin and J. R. Bergado and R. A. de By},
   doi = {10.1016/j.rse.2019.111253},
   issn = {00344257},
   journal = {Remote Sensing of Environment},
   keywords = {Convolutional neural networks,Deep learning,Field boundary detection,Image segmentation,Semantic edge detection,Smallholder farming},
   month = {9},
   pages = {111253},
   publisher = {Elsevier Inc.},
   title = {Delineation of agricultural fields in smallholder farms from satellite images using fully convolutional networks and combinatorial grouping},
   volume = {231},
   year = {2019},
}
@article{garcia2019,
   author = {Angel Garcia-Pedrero and Mario Lillo-Saavedra and Dionisio Rodriguez-Esparragon and Consuelo Gonzalo-Martin},
   doi = {10.1109/ACCESS.2019.2950371},
   issn = {21693536},
   journal = {IEEE Access},
   keywords = {Convolutional neural network,deep learning,edge extraction,land parcel identification system,parcels delineation},
   pages = {158223-158236},
   publisher = {Institute of Electrical and Electronics Engineers Inc.},
   title = {Deep Learning for Automatic Outlining Agricultural Parcels: Exploiting the Land Parcel Identification System},
   volume = {7},
   year = {2019},
}
@article{crommelinck2019,
   author = {Sophie Crommelinck and Mila Koeva and Michael Ying Yang and George Vosselman},
   doi = {10.3390/rs11212505},
   issn = {20724292},
   issue = {21},
   journal = {Remote Sensing},
   keywords = {Boundary delineation,Boundary extraction,CNN,Cadastral mapping,Deep learning,Image analysis,Indirect surveying,Machine learning,RF},
   month = {11},
   pages = {2505},
   publisher = {MDPI AG},
   title = {Application of deep learning for delineation of visible cadastral boundaries from remote sensing imagery},
   volume = {11},
   year = {2019},
}
@article{north2019,
   author = {Heather C. North and David Pairman and Stella E. Belliss},
   doi = {10.1109/JSTARS.2018.2884513},
   issn = {21511535},
   issue = {1},
   journal = {IEEE Journal of Selected Topics in Applied Earth Observations and Remote Sensing},
   keywords = {Agriculture,feature extraction,image edge analysis,image segmentation,image sequence analysis,remote sensing},
   month = {1},
   pages = {237-251},
   publisher = {Institute of Electrical and Electronics Engineers},
   title = {Boundary Delineation of Agricultural Fields in Multitemporal Satellite Imagery},
   volume = {12},
   year = {2019},
}
@article{bhakta2019,
   author = {Ishita Bhakta and Santanu Phadikar and Koushik Majumder},
   doi = {10.1002/jsfa.9693},
   issn = {10970010},
   issue = {11},
   journal = {Journal of the Science of Food and Agriculture},
   keywords = {information and communication technology,precision agriculture,sustainable agronomy,systematic review},
   month = {8},
   pages = {4878-4888},
   pmid = {30883757},
   publisher = {John Wiley and Sons Ltd},
   title = {State-of-the-art technologies in precision agriculture: a systematic review},
   volume = {99},
   year = {2019},
}
@article{griffel2019,
   author = {L. Michael Griffel and Veronika Vazhnik and Damon S. Hartley and Jason K. Hansen and Mohammad Roni},
   doi = {10.1016/j.compag.2019.105088},
   issn = {01681699},
   journal = {Computers and Electronics in Agriculture},
   keywords = {Bioenergy,Field boundary descriptors,Field efficiency,Geographic information systems,Perennial grass},
   pages = {105088},
   title = {Agricultural field shape descriptors as predictors of field efficiency for perennial grass harvesting: An empirical proof},
   volume = {168},
   year = {2019},
}
@article{ma2019,
   author = {Lei Ma and Yu Liu and Xueliang Zhang and Yuanxin Ye and Gaofei Yin and Brian Alan Johnson},
   doi = {10.1016/j.isprsjprs.2019.04.015},
   issn = {09242716},
   journal = {ISPRS Journal of Photogrammetry and Remote Sensing},
   keywords = {Deep learning (DL),LULC classification,Object detection,Remote sensing,Scene classification},
   month = {6},
   pages = {166-177},
   publisher = {Elsevier},
   title = {Deep learning in remote sensing applications: A meta-analysis and review},
   volume = {152},
   year = {2019},
}
@article{watkins2019.1,
   author = {Barry Watkins and Adriaan van Niekerk},
   doi = {10.1016/j.compag.2019.02.009},
   issn = {01681699},
   journal = {Computers and Electronics in Agriculture},
   keywords = {Crop field boundary delineation,Earth observation,Edge detection,Knowledge-based classification,Segmentation,Sentinel-2},
   month = {3},
   pages = {294-302},
   publisher = {Elsevier B.V.},
   title = {A comparison of object-based image analysis approaches for field boundary delineation using multi-temporal Sentinel-2 imagery},
   volume = {158},
   year = {2019},
}
@article{watkins2019.2,
   author = {Barry Watkins and Adriaan Van Niekerk},
   doi = {10.1016/j.compag.2019.105078},
   issn = {01681699},
   journal = {Computers and Electronics in Agriculture},
   keywords = {Agricultural field boundary delineation,Edge detection,Object-based image analysis,Sentinel-2 imagery,Watershed segmentation},
   month = {12},
   pages = {105078},
   publisher = {Elsevier B.V.},
   title = {Automating field boundary delineation with multi-temporal Sentinel-2 imagery},
   volume = {167},
   year = {2019},
}
@article{zhang2019,
   author = {Ce Zhang and Isabel Sargent and Xin Pan and Huapeng Li and Andy Gardiner and Jonathon Hare and Peter M. Atkinson},
   doi = {10.1016/j.rse.2018.11.014},
   issn = {00344257},
   journal = {Remote Sensing of Environment},
   keywords = {Convolutional neural network,Land cover and land use classification,Multilayer perceptron,Object-based CNN,VFSR remotely sensed imagery},
   month = {2},
   pages = {173-187},
   publisher = {Elsevier Inc.},
   title = {Joint Deep Learning for land cover and land use classification},
   volume = {221},
   year = {2019},
}
@article{wagner2020.2,
   author = {Matthias P. Wagner and Natascha Oppelt},
   doi = {10.3390/rs12121990},
   issn = {20724292},
   issue = {12},
   journal = {Remote Sensing},
   keywords = {Active contours,Deep learning,Field boundary detection,Field extraction,Graph-based growing contours,Growing snakes,Multilayer perceptron},
   month = {6},
   pages = {1990},
   publisher = {MDPI AG},
   title = {Deep learning and adaptive graph-based growing contours for agricultural field extraction},
   volume = {12},
   year = {2020},
}
@article{waldner2020,
   author = {François Waldner and Foivos I. Diakogiannis},
   doi = {10.1016/j.rse.2020.111741},
   issn = {00344257},
   journal = {Remote Sensing of Environment},
   keywords = {Agriculture,Computer vision,Field boundaries,Generalisation,Instance segmentation,Multitasking,Semantic segmentation,Sentinel-2},
   month = {8},
   publisher = {Elsevier Inc.},
   title = {Deep learning on edge: Extracting field boundaries from satellite images with a convolutional neural network},
   volume = {245},
   year = {2020},
}
@article{masoud2020,
   author = {Khairiya Mudrik Masoud and Claudio Persello and Valentyn A. Tolpekin},
   doi = {10.3390/RS12010059},
   issn = {20724292},
   issue = {1},
   journal = {Remote Sensing},
   keywords = {Agricultural field boundary,Fully convolutional network,Sentinel-2,Super-resolution mapping},
   month = {1},
   publisher = {MDPI AG},
   title = {Delineation of agricultural field boundaries from sentinel-2 images using a novel super-resolution contour detector based on fully convolutional networks},
   volume = {12},
   year = {2020},
}
@article{bolfe2020,
   author = {Édson Luis Bolfe and Lúcio André de Castro Jorge and Ieda Del’Arco Sanches and Ariovaldo Luchiari Júnior and Cinthia Cabral da Costa and Daniel de Castro Victoria and Ricardo Yassushi Inamasu and Célia Regina Grego and Victor Rodrigues Ferreira and Andrea Restrepo Ramirez},
   doi = {10.3390/agriculture10120653},
   issn = {20770472},
   issue = {12},
   journal = {Agriculture (Switzerland)},
   keywords = {Agriculture 4.0,Brazil,Farmer’s attitudes,Smart farming},
   month = {12},
   pages = {1-16},
   publisher = {MDPI AG},
   title = {Precision and digital agriculture: Adoption of technologies and perception of Brazilian farmers},
   volume = {10},
   year = {2020},
}
@article{wagner2020,
   author = {Matthias P. Wagner and Natascha Oppelt},
   doi = {10.3390/rs12071205},
   issn = {20724292},
   issue = {7},
   journal = {Remote Sensing},
   keywords = {Active contours,Boundary detection,Field extraction,Graph-based growing contours,Growing snakes},
   month = {4},
   pages = {1205},
   publisher = {MDPI AG},
   title = {Extracting agricultural fields from remote sensing imagery using graph-based growing contours},
   volume = {12},
   year = {2020},
}
@article{diakogiannis2020,
   author = {Foivos I. Diakogiannis and François Waldner and Peter Caccetta and Chen Wu},
   doi = {10.1016/j.isprsjprs.2020.01.013},
   issn = {09242716},
   journal = {ISPRS Journal of Photogrammetry and Remote Sensing},
   keywords = {Architecture,Convolutional neural network,Data augmentation,Loss function,Very high spatial resolution},
   month = {4},
   pages = {94-114},
   publisher = {Elsevier B.V.},
   title = {ResUNet-a: A deep learning framework for semantic segmentation of remotely sensed data},
   volume = {162},
   year = {2020},
}
@article{yang2020,
   author = {Ruoyu Yang and Zia U Ahmed and Urs C Schulthess and Mustafa Kamal and Rahul Rai},
   doi = {https://doi.org/10.1016/j.rsase.2020.100413},
   issn = {2352-9385},
   journal = {Remote Sensing Applications: Society and Environment},
   keywords = {CNN,Deep learning,Field boundaries,Smallholder farming},
   pages = {100413},
   title = {Detecting functional field units from satellite images in smallholder farming systems using a deep learning based computer vision approach: A case study from Bangladesh},
   volume = {20},
   url = {https://www.sciencedirect.com/science/article/pii/S2352938519301831},
   year = {2020},
}
@article{chen2020,
   author = {Ting Chen and Simon Kornblith and Mohammad Norouzi and Geoffrey Hinton},
   journal = {37th International Conference on Machine Learning, ICML 2020},
   title = {A simple framework for contrastive learning of visual representations},
   volume = {PartF168147-3},
   year = {2020},
}
@article{he2020,
   author = {Kaiming He and Haoqi Fan and Yuxin Wu and Saining Xie and Ross Girshick},
   doi = {10.1109/CVPR42600.2020.00975},
   issn = {10636919},
   journal = {Proceedings of the IEEE Computer Society Conference on Computer Vision and Pattern Recognition},
   title = {Momentum Contrast for Unsupervised Visual Representation Learning},
   year = {2020},
}
@article{cheng2020,
   author = {Tao Cheng and Xusheng Ji and Gaoxiang Yang and Hengbiao Zheng and Jifeng Ma and Xia Yao and Yan Zhu and Weixing Cao},
   doi = {10.1016/j.compag.2020.105787},
   issn = {01681699},
   journal = {Computers and Electronics in Agriculture},
   keywords = {Crop phenology,Field boundary delineation,Imagery segmentation,Planet,WorldView},
   month = {11},
   pages = {105787},
   publisher = {Elsevier B.V.},
   title = {DESTIN: A new method for delineating the boundaries of crop fields by fusing spatial and temporal information from WorldView and Planet satellite imagery},
   volume = {178},
   year = {2020},
}
@article{Pashaei2020,
   author = {Mohammad Pashaei and Hamid Kamangir and Michael J. Starek and Philippe Tissot},
   doi = {10.3390/rs12060959},
   issn = {20724292},
   issue = {6},
   journal = {Remote Sensing},
   pages = {959},
   title = {Review and evaluation of deep learning architectures for efficient land cover mapping with UAS hyper-spatial imagery: A case study over a wetland},
   volume = {12},
   year = {2020},
}
@article{wang2020,
   author = {Yaqing Wang and Quanming Yao and James T. Kwok and Lionel M. Ni},
   doi = {10.1145/3386252},
   issn = {15577341},
   issue = {3},
   journal = {ACM Computing Surveys},
   pages = {1-34},
   title = {Generalizing from a Few Examples: A Survey on Few-shot Learning},
   volume = {53},
   year = {2020},
}
@inproceedings{meyer2020,
   author = {L. Meyer and F. Lemarchand and P. Sidiropoulos},
   doi = {10.5194/isprs-archives-XLIII-B3-2020-1009-2020},
   issn = {16821750},
   issue = {B3},
   journal = {International Archives of the Photogrammetry, Remote Sensing and Spatial Information Sciences - ISPRS Archives},
   keywords = {deep learning,earth observation,field boundary detection,image instantiation,image segmentation},
   month = {8},
   pages = {1009-1016},
   publisher = {International Society for Photogrammetry and Remote Sensing},
   title = {A deep learning architecture for batch-mode fully automated field boundary detection},
   volume = {43},
   year = {2020},
}
@article{chen2020.2,
   author = {Ting Chen and Simon Kornblith and Kevin Swersky and Mohammad Norouzi and Geoffrey Hinton},
   journal = {arXiv preprint arXiv:2006.10029},
   title = {Big Self-Supervised Models are Strong Semi-Supervised Learners},
   url = {https://github.com/google-research/simclr.},
   year = {2020},
}
@article{zhang2021,
   author = {Huanxue Zhang and Mingxu Liu and Yuji Wang and Jiali Shang and Xiangliang Liu and Bin Li and Aiqi Song and Qiangzi Li},
   doi = {10.1016/j.jag.2021.102557},
   issn = {1872826X},
   journal = {International Journal of Applied Earth Observation and Geoinformation},
   keywords = {Agriculture,Automated delineation,Field boundary,Recurrent residual U-Net,Remote sensing,Sentinel-2},
   month = {12},
   pages = {102557},
   publisher = {Elsevier B.V.},
   title = {Automated delineation of agricultural field boundaries from Sentinel-2 images using recurrent residual U-Net},
   volume = {105},
   year = {2021},
}
@article{waldner2021,
   author = {François Waldner and Foivos I. Diakogiannis and Kathryn Batchelor and Michael Ciccotosto-Camp and Elizabeth Cooper-Williams and Chris Herrmann and Gonzalo Mata and Andrew Toovey},
   doi = {10.3390/rs13112197},
   issn = {20724292},
   issue = {11},
   journal = {Remote Sensing},
   keywords = {Agriculture,Deep learning,Instance segmentation,Semantic segmentation,Sentinel-2},
   month = {6},
   pages = {1-24},
   publisher = {MDPI AG},
   title = {Detect, consolidate, delineate: Scalable mapping of field boundaries using satellite images},
   volume = {13},
   year = {2021},
}
@article{carvalho2021,
   author = {Osmar Luiz Ferreira de Carvalho and Osmar Abílio de Carvalho Júnior and Cristiano Rosa e Silva and Anesmar Olino de Albuquerque and Nickolas Castro Santana and Dibio Leandro Borges and Roberto Arnaldo Trancoso Gomes and Renato Fontes Guimarães},
   doi = {10.3390/rs14040965},
   isbn = {2072-4292},
   journal = {Remote Sensing},
   month = {11},
   pages = {965},
   title = {Panoptic Segmentation Meets Remote Sensing},
   volume = {14},
   url = {http://arxiv.org/abs/2111.12126},
   year = {2021},
}
@article{taravat2021,
   author = {Alireza Taravat and Matthias P. Wagner and Rogerio Bonifacio and David Petit},
   doi = {10.3390/rs13040722},
   issn = {20724292},
   issue = {4},
   journal = {Remote Sensing},
   keywords = {Cropland monitoring,Deep learning,Field boundary detection,Fully convolutional neural networks,Image segmentation,ResU-Net,U-Net},
   month = {2},
   pages = {1-12},
   publisher = {MDPI AG},
   title = {Advanced fully convolutional networks for agricultural field boundary detection},
   volume = {13},
   year = {2021},
}
@article{guldenring2021,
   author = {Ronja Güldenring and Lazaros Nalpantidis},
   doi = {10.1016/j.compag.2021.106510},
   issn = {01681699},
   journal = {Computers and Electronics in Agriculture},
   keywords = {Contrastive learning,Deep learning,Self-supervision,SwAV,Transfer-learning},
   month = {12},
   pages = {106510},
   publisher = {Elsevier B.V.},
   title = {Self-supervised contrastive learning on agricultural images},
   volume = {191},
   year = {2021},
}
@article{wang2022,
   author = {Sherrie Wang and Francois Waldner and David B. Lobell},
   month = {1},
   title = {Unlocking large-scale crop field delineation in smallholder farming systems with transfer learning and weak supervision},
   url = {http://arxiv.org/abs/2201.04771},
   year = {2022},
}
@article{saunshi2022,
   author = {Nikunj Saunshi and Jordan Ash and Surbhi Goel and Dipendra Misra and Cyril Zhang and Sanjeev Arora and Sham Kakade and Akshay Krishnamurthy},
   month = {2},
   title = {Understanding Contrastive Learning Requires Incorporating Inductive Biases},
   journal = {arXiv},
   url = {http://arxiv.org/abs/2202.14037},
   year = {2022},
}
@inproceedings{chopra2005,
   author = {Sumit Chopra and Raia Hadsell and Yann Lecun},
   journal = {Proc. Computer Vision and Pattern Recognition},
   month = {7},
   pages = {539-546},
   title = {Learning a Similarity Metric Discriminatively, with Application to Face Verification},
   volume = {1},
   year = {2005},
}
@article{dosovitskiy2016,
   author = {Alexey Dosovitskiy and Philipp Fischer and Jost Tobias Springenberg and Martin Riedmiller and Thomas Brox},
   doi = {10.1109/TPAMI.2015.2496141},
   issn = {01628828},
   issue = {9},
   journal = {IEEE Transactions on Pattern Analysis and Machine Intelligence},
   title = {Discriminative unsupervised feature learning with exemplar convolutional neural networks},
   volume = {38},
   year = {2016},
}
@inproceedings{bachman2019,
   author = {Philip Bachman and R. Devon Hjelm and William Buchwalter},
   issn = {10495258},
   journal = {Advances in Neural Information Processing Systems},
   title = {Learning representations by maximizing mutual information across views},
   volume = {32},
   year = {2019},
}

@article{ashish2020,
   author = {Ashish Jaiswal and Ashwin Ramesh Babu and Mohammad Zaki Zadeh and Debapriya Banerjee and Fillia Makedon},
   doi = {10.3390/technologies9010002},
   issue = {1},
   journal = {Technologies},
   title = {A Survey on Contrastive Self-Supervised Learning},
   volume = {9},
   year = {2020},
}
@article{lizarazo2014,
   author = {Ivan Lizarazo},
   doi = {10.1080/01431161.2014.943328},
   issn = {13665901},
   issue = {16},
   journal = {International Journal of Remote Sensing},
   pages = {6135-6156},
   title = {Accuracy assessment of object-based image classification: another STEP},
   volume = {35},
   year = {2014},
}
@inproceedings{zhang2016,
author = {He, Kaiming and Zhang, Xiangyu and Ren, Shaoqing and Sun, Jian},
year = {2016},
month = {06},
pages = {770-778},
title = {Deep Residual Learning for Image Recognition},
doi = {10.1109/CVPR.2016.90}
}
@inproceedings{caron2020,
  title={Unsupervised Learning of Visual Features by Contrasting Cluster Assignments},
  author={Caron, Mathilde and Misra, Ishan and Mairal, Julien and Goyal, Priya and Bojanowski, Piotr and Joulin, Armand},
  booktitle={Proceedings of Advances in Neural Information Processing Systems (NeurIPS)},
  year={2020}
}
@inproceedings {dwibedi2021,
author = {D. Dwibedi and Y. Aytar and J. Tompson and P. Sermanet and A. Zisserman},
booktitle = {2021 IEEE/CVF International Conference on Computer Vision (ICCV)},
title = {With a Little Help from My Friends: Nearest-Neighbor Contrastive Learning of Visual Representations},
year = {2021},
volume = {},
issn = {},
pages = {9568-9577},
keywords = {training;visualization;computer vision;protocols;transfer learning;supervised learning;semantics},
doi = {10.1109/ICCV48922.2021.00945},
url = {https://doi.ieeecomputersociety.org/10.1109/ICCV48922.2021.00945},
publisher = {IEEE Computer Society},
address = {Los Alamitos, CA, USA},
month = {oct}
}
@article{jansel2021,
    author = {Herrera-Gerena, Jansel and Sundareswaran, Ramakrishnan and Just, John and Darr, Matthew and Jannesari, Ali},
    year = {2021},
    month = {12},
    pages = {},
    journal = {CoRR},
    title = {CLAWS: Contrastive Learning with hard Attention and Weak Supervision}
}
@article{felzenszwalb2004,
   author = {Pedro F. Felzenszwalb and Daniel P. Huttenlocher},
   doi = {10.1023/B:VISI.0000022288.19776.77},
   issn = {09205691},
   issue = {2},
   journal = {International Journal of Computer Vision},
   title = {Efficient graph-based image segmentation},
   volume = {59},
   year = {2004},
}
@article{camilus2012,
   author = {K. Santle Camilus and V. K. Govindan},
   doi = {10.5815/ijigsp.2012.05.01},
   issn = {20749074},
   issue = {5},
   journal = {International Journal of Image, Graphics and Signal Processing},
   title = {A Review on Graph Based Segmentation},
   volume = {4},
   year = {2012},
}
@article{veksler2001,
   author = {Yuri Boykov and Olga Veksler and Ramin Zabih},
   doi = {10.1109/34.969114},
   issn = {01628828},
   issue = {11},
   journal = {IEEE Transactions on Pattern Analysis and Machine Intelligence},
   title = {Fast approximate energy minimization via graph cuts},
   volume = {23},
   year = {2001},
}
@article{malik2000,
   author = {Jianbo Shi and Jitendra Malik},
   doi = {10.1109/34.868688},
   issn = {01628828},
   issue = {8},
   journal = {IEEE Transactions on Pattern Analysis and Machine Intelligence},
   title = {Normalized cuts and image segmentation},
   volume = {22},
   year = {2000},
}
