@article{Dohner-2010,
	title = {Diagnosis and management of acute myeloid leukemia in adults: recommendations from an international expert panel, on behalf of the {European} {LeukemiaNet}},
	volume = {115},
	number = {3},
	journal = {Blood},
	author = {Döhner, Hartmut and others},
	year = {2010},
	pages = {453--474},
}

@article{Dohner-2017,
	title = {Diagnosis and management of {AML} in adults: 2017 {ELN} recommendations from an international expert panel},
	volume = {129},
	number = {4},
	journal = {Blood},
	author = {Döhner, Hartmut and others},
	year = {2017},
	pages = {424--447},
}

@article{Dohner-2022,
	title = {Diagnosis and management of {AML} in adults: 2022 recommendations from an international expert panel on behalf of the {ELN}},
	volume = {140},
	number = {12},
	journal = {Blood},
	author = {Döhner, Hartmut and others},
	year = {2022},
	pages = {1345--1377},
}

@article{Pelcovits-2020,
	title = {Acute {Myeloid} {Leukemia}: {A} {Review} },
	volume = {103},
	number = {3},
	journal = {Rhode Island Medical Journal},
	author = {Ari Pelcovits and Rabin Niroula},
	year = {2020},
	pages = {38--40},
}

@article{Rose-2014,
	title = {Acute Leukemia},
	volume = {32},
	number = {3},
	journal = {Emergency Medicine Clinics of North America},
	author = {Rose-Inman, Hayley and Kuehl, Damon},
	year = {2014},
	pages = {579--596},
}

@article{Arber-2022,
	title = {International {Consensus} {Classification} of {Myeloid} {Neoplasms} and {Acute} {Leukemias}: integrating morphologic, clinical, and genomic data},
	volume = {140},
	number = {11},
	journal = {Blood},
	author = {Arber, Daniel A. and others},
	year = {2022},
	pages = {1200--1228},
}

@article{Genomic-2013,
	title = {Genomic and {Epigenomic} {Landscapes} of {Adult} {De} {Novo} {Acute} {Myeloid} {Leukemia}},
	volume = {368},
	number = {22},
	journal = {New England Journal of Medicine},
	author = {{The Cancer Genome Atlas Research Network}},
	year = {2013},
	pages = {2059--2074},
}

@article{Nature-2018,
    author = "Tyner, Jeffrey W. and others",
    title= "Functional genomic landscape of acute myeloid leukaemia",
    journal = {Nature},
    number = "7728",
    volume = "562",
    pages = "526--531",
    year = "2018"
}

@book{Mitchell-1997,
	title = {Machine {Learning}},
	publisher = {McGraw-Hill},
	author = {Mitchell, Tom M.},
	year = {1997},
}

@article{Mridha-2021,
	title = {A {Comprehensive} {Survey} on {Deep}-{Learning}-{Based} {Breast} {Cancer} {Diagnosis}},
	volume = {13},
	number = {23},
	journal = {Cancers},
	author = {Mridha, Muhammad Firoz and others},
	year = {2021},
	pages = {6116 -- 6116},
}

@InProceedings{Spackman-1989,
  Author         = {Spackman, K. A.},
  Title          = {Signal detection theory: valuable tools for evaluation
                   inductive learning},
  BookTitle      = {6th {I}nternational {W}orkshop on {M}achine {L}earning},
  Pages          = {160-163},
  publisher = {Morgan Kaufmann},
  address = {San Francisco, CA, USA},
  year           = 1989
}

@inproceedings{Lou-2013,
	title = {Accurate intelligible models with pairwise interactions},
	booktitle = {Proceedings of the 19th {ACM} {SIGKDD} international conference on {Knowledge} discovery and data mining},
	publisher = {ACM},
	author = {Lou, Yin and others},
	month = aug,
	year = {2013},
	pages = {623--631},
}

@article{Ley-2008,
	title = {{DNA} sequencing of a cytogenetically normal acute myeloid leukaemia genome},
	number = {7218},
        volume = {456},
	journal = {Nature},
	author = {Ley, Timothy J. and others},
	year = {2008},
	pages = {66--72},
}

@article{Fitter-2021,
	title = {\textit{{CKLF}} and \textit{{IL1B}} transcript levels at diagnosis are predictive of relapse in children with pre‐{B}‐cell acute lymphoblastic leukaemia},
	volume = {193},
	number = {1},
	journal = {British Journal of Haematology},
	author = {Fitter, Stephen and others},
	year = {2021},
	pages = {171--175},
}

@article{TeixeraCarvalho-2019,
	title = {Inflammatory biomarkers in infective endocarditis: machine learning to predict mortality},
	volume = {196},
	number = {3},
	journal = {Clinical \& Experimental Immunology},
	author = {Ris, T. and others},
	year = {2019},
	pages = {374--382},
}

@article{Estey-2019,
    author       = {Estey, Elihu A.},
    title        = {Acute myeloid leukemia: 2019 update on risk-stratification and management},
    journal    = {American journal of Hematology},
    pages = {1267-1291},
    volume = {93},
    number = {10},
    year         = {2019},
    
}

@article{Bennett-1976,
	title = {Proposals for the {Classification} of the {Acute} {Leukaemias} {French}-{American}-{British} ({FAB}) {Co}-operative {Group}},
	volume = {33},
	number = {4},
	journal = {British Journal of Haematology},
	author = {Bennett, J. M. and others},
	year = {1976},
	pages = {451--458},
}

@article{Angenendt-2019,
	author = "Angenendt, Linus and others",
	title = "Chromosomal {Abnormalities} and {Prognosis} in {NPM1}-{Mutated} {Acute} {Myeloid} {Leukemia}: 
                    {A} {Pooled} {Analysis} of {Individual} {Patient} {Data} {From} {Nine} {International} {Cohorts}",
	journal = {Journal of Clinical Oncology: Official Journal of the American Society of Clinical Oncology},
	volume = "37",
	number = "29",
	pages = "2632--2642",
	year = "2019",
}

@article{Radhachandran-2021,
    title = {A machine learning approach to predicting risk of myelodysplastic syndrome},
    journal = {Leukemia Research},
    volume = {109},
    pages = {106639},
    year = {2021},
    author = {Ashwath Radhachandran and others},
    keywords = {Myelodysplastic syndrome (MDS), Early prediction, Risk assessment, Machine learning, Electronic health records (EHR)},

}

@article{Kate-2017,
title = {Stage-specific predictive models for breast cancer survivability},
journal = {International Journal of Medical Informatics},
volume = {97},
pages = {304-311},
year = {2017},
author = {Rohit J. Kate and Ramya Nadig}
}

@article{Rabaan-2022,
	title = {Artificial {Intelligence} for {Clinical} {Diagnosis} and {Treatment} of {Prostate} {Cancer}},
	volume = {14},
	number = {22},
	journal = {Cancers},
	author = {Rabaan, Ali A.and others},
	year = {2022},
	pages = {5595},
}


@article{Zolbanin-2015,
title = {Predicting overall survivability in comorbidity of cancers: A data mining approach},
journal = {Decision Support Systems},
volume = {74},
pages = {150-161},
year = {2015},
author = {Hamed Majidi Zolbanin and others},
keywords = {Medical decision making, Comorbidity, Concurrent diseases, Concomitant diseases, Predictive modeling, Random forest},

}

@article{Ahmed-2022,
	title = {Genomic and {Transcriptomic} {Predictors} of {Response} to {Immune} {Checkpoint} {Inhibitors} in {Melanoma} {Patients}: {A} {Machine} {Learning} {Approach}},
	volume = {14},
	number = {22},
	journal = {Cancers},
	author = {Ahmed, Yaman B. and others},
	year = {2022},
	pages = {5605},
}

@article{Jing-2020,
    author = "Jing, Bingzhong and others",
    title = "Deep learning for risk prediction in patients with nasopharyngeal carcinoma using multi-parametric MRIs",
    journal = {Computer Methods and Programs in Biomedicine},
    volume = "197",
    pages = "105684 -- 105684",
    year = "2020"
}

@article{Hoch-2021,
    title = {Lymphoid markers predict prognosis of pediatric and adolescent acute myeloid leukemia},
    journal = {Leukemia Research},
    volume = {107},
    pages = {106603},
    year = {2021},
    author = {Rosméri Elaine Essy Hoch and others},
    keywords = {Acute myeloid leukemia, Prognosis, Immunophenotypic markers, CD7, CD22, CD4},

}

@article{Yu-2021,
    title = {Mutational profiling of myeloid neoplasms associated genes may aid the diagnosis of acute myeloid leukemia with myelodysplasia-related changes},
    journal = {Leukemia Research},
    volume = {110},
    pages = {106701},
    year = {2021},
    author = {James Yuand and others},
    keywords = {AML with MRC, NGS, TP53, FLT3, Supervised classification, Machine learning},

}

@article{Ophir-2019,
    author = "Ophir Gal and others",
    title = "Predicting Complete Remission of Acute Myeloid Leukemia: Machine Learning Applied to Gene Expression",
    journal = {Cancer Informatics},
    volume = "18",
    pages = "1--5",
    year = "2019",
}

@article{Lagunas-Rangel-2017,
	title = {Acute {Myeloid} {Leukemia}—{Genetic} {Alterations} and {Their} {Clinical} {Prognosis}},
	volume = {11},
	journal = {International Journal of Hematology-Oncology and Stem Cell Research},
	author = {Francisco Alejandro Lagunas-Rangel and others},
	year = {2017},
	pages = {328--339},
}

@article{Mosquera-2021,
	author = "Mosquera Orgueira, Adri{\'a}n and others",
	title = "Personalized {Survival} {Prediction} of {Patients} {With} {Acute} {Myeloblastic} {Leukemia} {Using} {Gene} 
                    {Expression} {Profiling}",
	journal = {Frontiers in Oncology},
	volume = "11",
        pages = "657191--657191",
	year = "2021"
}

@article{Gerstung-2017,
	title = {Precision oncology for acute myeloid leukemia using a knowledge bank approach},
	volume = {49},
        pages = {332–340},
	journal = {Nature Genetics},
	author = {Gerstung M. and others},
	year = {2017}
}

@article{Walczak-2018,
author = {Steven Walczak and Vic Velanovich},
title = {Improving prognosis and reducing decision regret for pancreatic cancer treatment using artificial neural networks},
journal = {Decision Support Systems},
volume = {106},
pages = {110-118},
year = {2018},
}

@article{Tibshirani-1996,
	title = {Regression {Shrinkage} and {Selection} via the {Lasso}},
	volume = {58},
	number = {1},
	journal = {Journal of the Royal Statistical Society. Series B (Methodological)},
	author = {Tibshirani, Robert},
	year = {1996},
	pages = {267--288},
}

@inproceedings{Caruana-2015,
	address = {Sydney NSW Australia},
	title = {Intelligible {Models} for {HealthCare}: {Predicting} {Pneumonia} {Risk} and {Hospital} 30-day {Readmission}},
	booktitle = {Proceedings of the 21th {ACM} {SIGKDD} {International} {Conference} on {Knowledge} {Discovery} and {Data} {Mining}},
	publisher = {ACM},
	author = {Caruana, Rich and others},
	year = {2015},
	pages = {1721--1730},
}

@article{Combi-2022,
	title = {A manifesto on explainability for artificial intelligence in medicine},
	volume = {133},
	journal = {Artificial Intelligence in Medicine},
	author = {Combi, Carlo and others},
	year = {2022},
	pages = {102423-102423},
}


@article{Kurzer-2021,
	title = {{PHF6} {Mutations} in {Hematologic} {Malignancies}},
	volume = {11},
	journal = {Frontiers in Oncology},
	author = {Kurzer, Jason H. and Weinberg, Olga K.},
	year = {2021},
	pages = {704471--704471},
}

@article{Eisa-2023,
	title = {The {Role} of {PHF6} in {Hematopoiesis} and {Hematologic} {Malignancies}},
	volume = {19},
	number = {1},
	journal = {Stem Cell Reviews and Reports},
	author = {Eisa, Yusra A. and others},
	year = {2023},
	pages = {67--75},
}

@article{Van-Vlierberghe-2011,
	title = {{PHF6} mutations in adult acute myeloid leukemia},
	volume = {25},
	number = {1},
	journal = {Leukemia},
	author = {Van Vlierberghe, P and others},
	year = {2011},
	pages = {130--134},
}

@article{kastenhuber-2017-28886379,
	title = {Putting p53 in {Context}},
	volume = {170},
	number = {6},
	journal = {Cell},
	author = {Kastenhuber, Edward R. and Lowe, Scott W.},
	year = {2017},
	pages = {1062--1078},
}

@article{monti-2020-33194757,
	title = {Heterogeneity of {TP53} {Mutations} and {P53} {Protein} {Residual} {Function} in {Cancer}: {Does} {It} {Matter}?},
	journal = {Frontiers in Oncology},
	author = {Monti, Paola and others},
	year = {2020},
	pages = {593383 -- 593383},
        volume = {10},
}

@article{grob-2022-35108372,
	title = {Molecular characterization of mutant {TP53} acute myeloid leukemia and high-risk myelodysplastic syndrome},
	volume = {139},
	number = {15},
	journal = {Blood},
	author = {Grob, Tim and others},
	year = {2022},
	pages = {2347--2354},
}

@article{papaemmanuil-2016-27276561,
	title = {Genomic {Classification} and {Prognosis} in {Acute} {Myeloid} {Leukemia}},
	volume = {374},
	number = {23},
	journal = {The New England Journal of Medicine},
	author = {Papaemmanuil, Elli and others},
	year = {2016},
	pages = {2209--2221},
}


@article{Pimenta-2021,
	title = {Genome-wide approaches for the identification of markers and genes associated with sugarcane yellow leaf virus resistance},
	volume = {11},
	number = {1},
	journal = {Scientific Reports},
	author = {Pimenta, Ricardo José Gonzaga and others},
	year = {2021},
	pages = {15730},
}

@article{Charrot-2020,
	title = {{AML} through the prism of molecular genetics},
	volume = {188},
	number = {1},
	journal = {British Journal of Haematology},
	author = {Charrot, Sarah and others},
	year = {2020},
	pages = {49--62},
}

@article{Rahman-2019,
	title = {Association of \textit{p53} {Gene} {Mutation} {With} \textit{{Helicobacter} pylori} {Infection} in {Gastric} {Cancer} {Patients} and {Its} {Correlation} {With} {Clinicopathological} and {Environmental} {Factors}},
	volume = {10},
	number = {1},
	journal = {World Journal of Oncology},
	author = {Rahman, M. Mizanur and others},
	year = {2019},
	pages = {46--54},
}

@inbook{Gruber-2012, 
place={Cambridge}, 
edition={3}, 
title={Molecular genetics of acute myeloid leukemia}, 
booktitle={Childhood Leukemias}, publisher={Cambridge University Press}, author={Gruber, Tanja A. and Downing, James R.}, 
year={2012}, 
pages={204–238}
}

@article{Sharon-2023,
	title = {{DELE1} loss and dysfunctional integrated stress signaling in \textit{{TP53}} mutated {AML} is a novel pathway for venetoclax resistance [abstract]},
	volume = {83},
	urldate = {2023-05-15},
	journal = {Cancer Research},
	author = {Sharon, David and others},
	year = {2023},
	pages = {2530},
}

@article{lin-2022-35281853,
	title = {Identification of {MICALL2} as a {Novel} {Prognostic} {Biomarker} {Correlating} with {Inflammation} and {T} {Cell} {Exhaustion} of {Kidney} {Renal} {Clear} {Cell} {Carcinoma}},
	volume = {13},
	number = {4},
	journal = {Journal of Cancer},
	author = {Lin, Wenfeng and others},
	year = {2022},
	pages = {1214--1228},
}


@InProceedings{pmlr-v139-nori21a,
  title = 	 {Accuracy, Interpretability, and Differential Privacy via Explainable Boosting},
  author =       {Nori, Harsha and Caruana, Rich and Bu, Zhiqi and Shen, Judy Hanwen and Kulkarni, Janardhan},
  booktitle = 	 {Proc. of the 38th International Conference on Machine Learning},
  pages = 	 {8227--8237},
  year = 	 {2021},
  editor = 	 {Meila, Marina and Zhang, Tong},
  volume = 	 {139},
  series = 	 {Proceedings of Machine Learning Research},
  month = 	 {18--24 Jul},
  publisher =    {PMLR}
}












